<?xml version="1.0" encoding="UTF-8"?>
<record xmlns="http://www.loc.gov/MARC21/slim">
   <leader>01341cam a2200301 a 4500</leader>
   <controlfield tag="001">1014188</controlfield>
   <controlfield tag="003">NjP</controlfield>
   <controlfield tag="005">20190705143014.0</controlfield>
   <controlfield tag="008">951107s1946    ir            000 0 ara d</controlfield>
   <datafield tag="024" ind1="7" ind2=" ">
      <subfield code="a">princeton_aco004230</subfield>
      <subfield code="2">local</subfield>
   </datafield>
   <datafield ind1=" " ind2=" " tag="040">
      <subfield code="a">NjP</subfield>
      <subfield code="c">PUL</subfield>
      <subfield code="d">PUL</subfield>
   </datafield>
   <datafield ind1=" " ind2=" " tag="035">
      <subfield code="a">(CStRLIN)NJPG95-B69888</subfield>
   </datafield>
   <datafield ind1=" " ind2=" " tag="035">
      <subfield code="9">CBY7083TS</subfield>
   </datafield>
   <datafield ind1=" " ind2=" " tag="035">
      <subfield code="a">(NjP)1014188</subfield>
   </datafield>
   <datafield ind1=" " ind2=" " tag="049">
      <subfield code="a">PULL</subfield>
   </datafield>
   <datafield ind1=" " ind2=" " tag="035">
      <subfield code="a">(OCoLC)ocm33498465</subfield>
   </datafield>
   <datafield ind1="1" ind2=" " tag="100">
      <subfield code="6">880-01</subfield>
      <subfield code="a">ʻĀmilī, Muḥsin al-Ḥusaynī,</subfield>
      <subfield code="d">1865-1952.</subfield>
      <subfield code="0">http://id.loc.gov/authorities/names/n79091934</subfield>
   </datafield>
   <datafield ind1="1" ind2="3" tag="245">
      <subfield code="6">880-02</subfield>
      <subfield code="a">al-Durr al-thamīn fī ahamm mā yajibu maʻrifatuhu ʻalá al-Muslimīn /</subfield>
      <subfield code="c">taʼlīf Muḥsin al-Amīn al-Ḥusaynī al-ʻĀmilī.</subfield>
   </datafield>
   <datafield ind1=" " ind2=" " tag="260">
      <subfield code="6">880-03</subfield>
      <subfield code="a">Ṭihrān :</subfield>
      <subfield code="b">Maktabat Naynawī al-Ḥadīthah,</subfield>
      <subfield code="c">1946.</subfield>
   </datafield>
   <datafield ind1=" " ind2=" " tag="300">
      <subfield code="a">74 p. ;</subfield>
      <subfield code="c">17 cm.</subfield>
   </datafield>
   <datafield ind1=" " ind2="0" tag="650">
      <subfield code="a">Islam</subfield>
      <subfield code="x">Doctrines.</subfield>
      <subfield code="0">http://id.loc.gov/authorities/subjects/sh85068396</subfield>
   </datafield>
   <datafield ind1="1" ind2=" " tag="880">
      <subfield code="6">100-01/r</subfield>
      <subfield code="a">عاملي، محسن الحسيني،</subfield>
      <subfield code="d">1865-1952.</subfield>
   </datafield>
   <datafield ind1="1" ind2="2" tag="880">
      <subfield code="6">245-02/r</subfield>
      <subfield code="a">الدر الثمين في اهم ما يجب معرفته على المسلمين /</subfield>
      <subfield code="c">تأليف محسن الامين الحسيني العاملي.</subfield>
   </datafield>
   <datafield ind1=" " ind2=" " tag="880">
      <subfield code="6">260-03/r</subfield>
      <subfield code="a">طهران :</subfield>
      <subfield code="b">مكتبة نينوي الحديثة،</subfield>
      <subfield code="c">1946.</subfield>
   </datafield>
   <datafield ind1=" " ind2=" " tag="998">
      <subfield code="a">11/07/95</subfield>
      <subfield code="s">9114</subfield>
      <subfield code="n">NjP</subfield>
      <subfield code="d">11/07/95</subfield>
      <subfield code="c">KC</subfield>
      <subfield code="b">KC</subfield>
      <subfield code="i">951107</subfield>
      <subfield code="l">NJPG</subfield>
   </datafield>
   <datafield ind1=" " ind2=" " tag="911">
      <subfield code="a">19951116</subfield>
   </datafield>
   <datafield ind1=" " ind2=" " tag="912">
      <subfield code="a">19951107000000.0</subfield>
   </datafield>
   <datafield ind1=" " ind2=" " tag="994">
      <subfield code="a">C0</subfield>
      <subfield code="b">PUL</subfield>
   </datafield>
   <datafield ind1=" " ind2=" " tag="999">
      <subfield code="a">1014188</subfield>
   </datafield>
   <datafield ind1=" " ind2=" " tag="979">
      <subfield code="a">(OCoLC)ocn176281784</subfield>
   </datafield>
   <datafield ind1="0" ind2="0" tag="852">
      <subfield code="0">1170597</subfield>
      <subfield code="b">rcppa</subfield>
      <subfield code="t">1</subfield>
      <subfield code="h">BP166</subfield>
      <subfield code="i">.A54 1946</subfield>
      <subfield code="x">tr fr arab</subfield>
   </datafield>
   <datafield ind1=" " ind2=" " tag="959">
      <subfield code="a">2000-06-13 00:00:00 -0500</subfield>
   </datafield>
</record>
